<?xml version="1.0" encoding="UTF-8"?><record xmlns="http://www.loc.gov/MARC21/slim" xmlns:cinclude="http://apache.org/cocoon/include/1.0" xmlns:zs="http://www.loc.gov/zing/srw/">
  <leader>00727cz  a2200169n  4500</leader>
  <controlfield tag="001">n  85223018 </controlfield>
  <controlfield tag="003">DLC</controlfield>
  <controlfield tag="005">20000602064519.0</controlfield>
  <controlfield tag="008">860107n| acannaabn          |a aaa     b</controlfield>
  <datafield tag="010" ind1=" " ind2=" ">
    <subfield code="a">n  85223018 </subfield>
  </datafield>
  <datafield tag="035" ind1=" " ind2=" ">
    <subfield code="a">(OCoLC)oca01473593</subfield>
  </datafield>
  <datafield tag="040" ind1=" " ind2=" ">
    <subfield code="a">DNLM</subfield>
    <subfield code="b">eng</subfield>
    <subfield code="c">DLC</subfield>
    <subfield code="d">DLC</subfield>
    <subfield code="d">OCoLC</subfield>
  </datafield>
  <datafield tag="100" ind1="1" ind2=" ">
    <subfield code="a">Cronly-Dillon, J.</subfield>
  </datafield>
  <datafield tag="400" ind1="1" ind2=" ">
    <subfield code="a">Dillon, J. Cronly-</subfield>
  </datafield>
  <datafield tag="400" ind1="1" ind2=" ">
    <subfield code="a">Cronly-Dillon, John</subfield>
  </datafield>
  <datafield tag="670" ind1=" " ind2=" ">
    <subfield code="a">Northern Eye Institute (Manchester, England). International Symposium (1st : 1985 : University of Manchester). Hazards of light, 1986:</subfield>
    <subfield code="b">CIP t.p. (J. Cronly-Dillon, Univ. Manchester Inst. of Science and Technology) CIP galley (Prof.)</subfield>
  </datafield>
  <datafield tag="670" ind1=" " ind2=" ">
    <subfield code="a">Vision and visual dysfunction, 1991:</subfield>
    <subfield code="b">CIP t.p. (John Cronly-Dillon) bk. t.p. (John R. Cronly-Dillon)</subfield>
  </datafield>
</record>